<record><leader>00000cas a22000007a 4500</leader><controlfield tag="001">29790589</controlfield><controlfield tag="008">940211d19161924nmuwr ne      0    0eng d</controlfield><datafield ind1=" " ind2=" " tag="010"><subfield code="a">sn 94056982 </subfield></datafield><datafield ind1=" " ind2=" " tag="040"><subfield code="a">NVM</subfield><subfield code="b">eng</subfield><subfield code="c">NVM</subfield><subfield code="d">OCLCQ</subfield><subfield code="d">OCLCF</subfield><subfield code="d">OCLCO</subfield></datafield><datafield ind1="1" ind2=" " tag="029"><subfield code="a">AU@</subfield><subfield code="b">000025899373</subfield></datafield><datafield ind1=" " ind2=" " tag="042"><subfield code="a">msc</subfield></datafield><datafield ind1=" " ind2=" " tag="043"><subfield code="a">n-us-nm</subfield></datafield><datafield ind1="0" ind2=" " tag="130"><subfield code="a">Public voice (Santa Rosa, N.M.)</subfield></datafield><datafield ind1="1" ind2="4" tag="245"><subfield code="a">The public voice.</subfield></datafield><datafield ind1=" " ind2=" " tag="260"><subfield code="a">Santa Rosa, N.M. :</subfield><subfield code="b">La Voz Pu&#769;blica Pub. Co.</subfield></datafield><datafield ind1=" " ind2=" " tag="300"><subfield code="a">v.</subfield></datafield><datafield ind1=" " ind2=" " tag="310"><subfield code="a">Weekly</subfield></datafield><datafield ind1="1" ind2=" " tag="362"><subfield code="a">Began in Dec. 1916.</subfield></datafield><datafield ind1="0" ind2=" " tag="362"><subfield code="a">-v. 9, no. 49 (Dec. 26, 1924).</subfield></datafield><datafield ind1=" " ind2=" " tag="580"><subfield code="a">Companion English language newspaper to: La Voz pu&#769;blica (Santa Rosa, N.M. : 1917).</subfield></datafield><datafield ind1=" " ind2=" " tag="588"><subfield code="a">Description based on: Vol. 1, no. 4 (Jan. 12, 1917).</subfield></datafield><datafield ind1=" " ind2="0" tag="651"><subfield code="a">Santa Rosa (N.M.)</subfield><subfield code="v">Newspapers.</subfield></datafield><datafield ind1=" " ind2="0" tag="651"><subfield code="a">Guadalupe County (N.M.)</subfield><subfield code="v">Newspapers.</subfield></datafield><datafield ind1=" " ind2="7" tag="655"><subfield code="a">Newspapers.</subfield><subfield code="2">fast</subfield><subfield code="0">(OCoLC)fst01423814</subfield></datafield><datafield ind1=" " ind2="7" tag="651"><subfield code="a">New Mexico</subfield><subfield code="z">Guadalupe County.</subfield><subfield code="2">fast</subfield><subfield code="0">(OCoLC)fst01221220</subfield></datafield><datafield ind1=" " ind2="7" tag="651"><subfield code="a">New Mexico</subfield><subfield code="z">Santa Rosa.</subfield><subfield code="2">fast</subfield><subfield code="0">(OCoLC)fst01210338</subfield></datafield><datafield ind1=" " ind2=" " tag="752"><subfield code="a">United States</subfield><subfield code="b">New Mexico</subfield><subfield code="c">Guadalupe</subfield><subfield code="d">Santa Rosa.</subfield></datafield><datafield ind1="1" ind2=" " tag="775"><subfield code="t">Voz pu&#769;blica (Santa Rosa, N.M. : 1917)</subfield><subfield code="w">(DLC)sn 94056986</subfield></datafield></record>